@misc{noauthor_p.838_nodate,
	title = {P.838 : {Specific} attenuation model for rain for use in prediction methods},
	url = {https://www.itu.int/rec/R-REC-P.838-3-200503-I/en},
	urldate = {2020-09-03}
}

@misc{noauthor_p.840_nodate,
	title = {P.840 : {Attenuation} due to clouds and fog},
	url = {https://www.itu.int/rec/R-REC-P.840-6-201309-S/en},
	urldate = {2020-09-03}
}

@misc{noauthor_p.676_nodate,
	title = {P.676 : {Attenuation} by atmospheric gases},
	url = {https://www.itu.int/rec/R-REC-P.676-10-201309-S/en},
	urldate = {2020-09-03}
}

@misc{noauthor_modeling_nodate,
	title = {Modeling the {Propagation} of {RF} {Signals} - {MATLAB} \& {Simulink} - {MathWorks} {India}},
	url = {https://in.mathworks.com/help/phased/examples/modeling-the-propagation-of-rf-signals.html},
	abstract = {This example shows how to model several RF propagation effects.},
	urldate = {2020-09-03}
}

@misc{noauthor_water_nodate,
	title = {Water {Vapor} and {Vapor} {Pressure}},
	url = {http://hyperphysics.phy-astr.gsu.edu/hbase/Kinetic/watvap.html},
	urldate = {2020-09-03}
}